%% This BibTeX bibliography file was created using BibDesk.
%% http://bibdesk.sourceforge.net/
%% Created for Lauro Cesar Araujo at 2015-04-27 19:43:45 -0300 
%% Saved with string encoding Unicode (UTF-8)

%%%%%%%%%%%%%%%%%
%% AUTONOMOUS VEHICLE
@book{autonomous_Hebert:1997:IUG:523961,
	author = {Hebert, Martial H.},
	title = {Intelligent Unmanned Ground Vehicles: Autonomous Navigation Research at Carnegie Mellon},
	year = {1997},
	isbn = {0792398335},
	publisher = {Kluwer Academic Publishers},
	address = {Norwell, MA, USA},
} 

@proceeding{autonomous_doi:10.1117/12.391642,
	author = {Schwartz, Ingo},
	title = {PRIMUS: autonomous driving robot for military applications},
	journal = {Proc. SPIE},
	volume = {4024},
	number = {},
	pages = {313-323},
	year = {2000},
	doi = {10.1117/12.391642},
	URL = { http://dx.doi.org/10.1117/12.391642},
	eprint = {}
}


@book{autonomous_siegwart2011introduction,
	title={Introduction to autonomous mobile robots},
	author={Siegwart, Roland and Nourbakhsh, Illah Reza and Scaramuzza, Davide},
	year={2011},
	publisher={MIT press}
}

@MISC{supervisory_Cummings_1a,
	author = {M. L. Cummings and Patricia Pina and Jacob W. Cr},
	title = {1 A Metric Taxonomy for Supervisory Control of Unmanned Vehicles},
	year = {}
}

@inproceedings{supervisory_Donmez:2010:MSE:2377576.2377580,
	author = {Donmez, Birsen and Cummings, M. L.},
	title = {Metric Selection for Evaluating Human Supervisory Control of Unmanned Vehicles},
	booktitle = {Proceedings of the 10th Performance Metrics for Intelligent Systems Workshop},
	series = {PerMIS '10},
	year = {2010},
	isbn = {978-1-4503-0290-6},
	location = {Baltimore, Maryland},
	pages = {14--21},
	numpages = {8},
	url = {http://doi.acm.org/10.1145/2377576.2377580},
	doi = {10.1145/2377576.2377580},
	acmid = {2377580},
	publisher = {ACM},
	address = {New York, NY, USA},
	keywords = {AHP, analytic hierarchy process, experiments, human supervisory control, metric quality, metrics},
} 


%%%%%%%%%%%%%%%%%
%% CMAKE
@manual{cmake_org,
	Author = {CMake.org},
	Title = {CMake build system},
	Url = {http://www.cmake.org/},
	Urlaccessdate = {13 may 2015},
	Bdsk-Url-1 = {http://www.cmake.org/}
}

%%%%%%%%%%%%%%%%%
%% CATKIN
@manual{catkin_gentle_intro,
	Author = {Jonathan Bohren},
	Title = {A Gentle Introduction to Catkin},
	Url = {http://jbohren.com/articles/gentle-catkin-intro/},
	Urlaccessdate = {13 may 2015},
	Bdsk-Url-1 = {http://jbohren.com/articles/gentle-catkin-intro/}
}

@manual{catkin_ros,
	Author = {Troy Straszheim and Morten Kjaergaard and Brian Gerkey and Dirk Thomas},
	Title = {Catkin},
	Url = {http://wiki.ros.org/catkin},
	Urlaccessdate = {13 may 2015},
	Bdsk-Url-1 = {http://wiki.ros.org/catkin}
}

%%%%%%%%%%%%%%%%%
%% DISCRETE EVENT SYSTEMS
@article{event_systems, 
	author={Ramadge, P.J.G. and Wonham, W.M.}, 
	journal={Proceedings of the IEEE}, 
	title={The control of discrete event systems}, 
	year={1989}, 
	month={Jan}, 
	volume={77}, 
	number={1}, 
	pages={81-98}, 
	keywords={automata theory;computational complexity;control theory;discrete time systems;formal languages;automata theory;computational complexity;control theory;discrete event systems;dynamic system;formal language models;Application software;Automata;Automatic control;Communication system control;Communication system traffic control;Computational complexity;Control systems;Control theory;Discrete event systems;Formal languages;Manufacturing systems;Observability;Open loop systems;Operating systems;Vehicle dynamics}, 
	doi={10.1109/5.21072}, 
	ISSN={0018-9219},
}

@article{event_systems_ebook, 
	author={Pao, Lucy Y. and Wu, N.E.}, 
	journal={Control Systems, IEEE}, 
	title={Introduction to Discrete Event Systems, Second Edition (Cassandras, C.G. et al.; 2008) [Bookshelf]}, 
	year={2009}, 
	month={June}, 
	volume={29}, 
	number={3}, 
	pages={108-110}, 
	keywords={Automata;Automatic control;Book reviews;Communication system control;Communication system traffic control;Control system synthesis;Discrete event systems;Manufacturing systems;Performance analysis;Supervisory control}, 
	doi={10.1109/MCS.2009.932327}, 
	ISSN={1066-033X},
}

@article{supcom_wonham1987supremal,
	title={On the supremal controllable sublanguage of a given language},
	author={Wonham, W Murray and Ramadge, Peter J},
	journal={SIAM Journal on Control and Optimization},
	volume={25},
	number={3},
	pages={637--659},
	year={1987},
	publisher={Society for Industrial and Applied Mathematics}
}

@article{event_comparative_study,
	year={1999},
	issn={0925-9856},
	journal={Formal Methods in System Design},
	volume={15},
	number={2},
	doi={10.1023/A:1008740917111},
	title={A Comparative Study of Synthesis Methods for Discrete Event Controllers},
	url={http://dx.doi.org/10.1023/A%3A1008740917111},
	publisher={Kluwer Academic Publishers},
	keywords={discrete event systems; automata; Petri Net; temporal logic; net condition event systems; controller synthesis},
	author={Pinzon, L.E. and Hanisch, H.-M. and Jafari, M.A. and Boucher, T.},
	pages={123-167},
	language={English}
}

@INPROCEEDINGS{event_des_line_945770, 
	author={Chandra, V. and Mohanty, S.R. and Kumar, R.}, 
	booktitle={American Control Conference, 2001. Proceedings of the 2001}, 
	title={Automated control synthesis for an assembly line using discrete event system control theory}, 
	year={2001}, 
	volume={6}, 
	pages={4956-4961 vol.6}, 
	keywords={assembly planning;automobile industry;computer aided production planning;discrete event systems;finite state machines;LEGO blocks;assembly line;car assembly;discrete event system;finite automata;manufacturing systems;supervisory control;Assembly systems;Automata;Automatic control;Automatic generation control;Automatic testing;Control system synthesis;Control systems;Control theory;Discrete event systems;Manufacturing systems}, 
	doi={10.1109/ACC.2001.945770}, 
	ISSN={0743-1619}, 
	month={},}

@INPROCEEDINGS{event_supervisory_soccer_994642, 
	author={Gupta, G.S. and Messom, C.H. and Sng, H.L.}, 
	booktitle={Electronic Design, Test and Applications, 2002. Proceedings. The First IEEE International Workshop on}, 
	title={State transition based supervisory control for a robot soccer system}, 
	year={2002}, 
	pages={338-342}, 
	keywords={actuators;distributed control;games of skill;mobile robots;multi-robot systems;sport;STBS;actuators;collaborative robotic systems;cooperative robots;distributed robot control systems;mechanical systems;production processes;robot football;robot soccer system;robot vision;sensor input;state transition based supervisory control;state transition based system;torque sensing;touch sensing;Actuators;Collaboration;Computer vision;Control systems;Distributed computing;Mechanical systems;Robot control;Robot sensing systems;Supervisory control;Torque control}, 
	doi={10.1109/DELTA.2002.994642}, 
	month={},}

@INPROCEEDINGS{event_hybrid_automata_827799, 
	author={Egerstedt, M. and Johansson, K. and Lygeros, J. and Sastry, S.}, 
	booktitle={Decision and Control, 1999. Proceedings of the 38th IEEE Conference on}, 
	title={Behavior based robotics using regularized hybrid automata}, 
	year={1999}, 
	volume={4}, 
	pages={3400-3405 vol.4}, 
	keywords={automata theory;mobile robots;path planning;Zeno hybrid automaton;behavior based control system;behavior based robotics;fused behavior based system;regularization procedure;regularized hybrid automata;Automata;Automatic control;Computer science;Contracts;Control system synthesis;Control systems;Mobile robots;Robot kinematics;Robotics and automation;Sonar}, 
	doi={10.1109/CDC.1999.827799}, 
	ISSN={0191-2216}, 
	month={},}

@INPROCEEDINGS{event_supervisory_land_1157827, 
	author={Chen, P.C.Y. and Guzman, J.I. and Ng, T.C. and Poo, A.N. and Chan, C.W.}, 
	booktitle={Intelligent Control, 2002. Proceedings of the 2002 IEEE International Symposium on}, 
	title={Supervisory control of an unmanned land vehicle}, 
	year={2002}, 
	pages={580-585}, 
	keywords={computerised navigation;control system synthesis;intelligent control;position control;road vehicles;telecontrol;autonomous control;open terrain;position control;state-transition structure;supervisory control;teleoperation control system;unmanned land vehicle;vehicle control system;vehicle piloting system;visual guidance system;Communication system control;Humans;Land vehicles;Manuals;Mobile robots;Monitoring;Navigation;Remotely operated vehicles;Supervisory control;Vehicle driving}, 
	doi={10.1109/ISIC.2002.1157827}, 
	ISSN={2158-9860}, 
	month={},}

@electronic{event_modular_navigation,
	author        = "Shiladitya Sircar",
	title         = "Modular Navigation Strategy for an Autonomous Mobile Robot.",
	url           = "http://www.engr.mun.ca/~sircar/project1_files/mrobot.htm",
	year          = "2015"
}

%%%%%%%%%%%%%%%%%
%% LINUX
@book{linux_network_benvenuti,
	title = {Understanding Linux network internals},
	author = {Benvenuti, Christian},
	publisher = {O'Reilly 2005},
	address = {Sebastopol (Calif.)},
	url = {http://opac.inria.fr/record=b1119556},
	isbn = {0-596-00255-6},
	note = {La couv. porte en plus : Guided tour to networking on Linux},
	year = {2006}
}

@phdthesis{linux_barabanov1997,
	title={A linux-based real-time operating system},
	author={Barabanov, Michael},
	year={1997},
	school={New Mexico Institute of Mining and Technology}
}

@book{os_Silberschatz:2001:OSC:559069,
	author = {Silberschatz, Abraham and Galvin, Peter Baer and Gagne, Greg},
	title = {Operating System Concepts},
	year = {2001},
	isbn = {0471417432},
	edition = {6th},
	publisher = {John Wiley \& Sons, Inc.},
	address = {New York, NY, USA},
}

@electronic{linux_foundation,
	title         = "Linux Foundation",
	url           = "http://www.linuxfoundation.org/what-is-linux",
	year          = "2015",
	key           = "Linux"
}


%%%%%%%%%%%%%%%%%
%% LMA VILMA
@electronic{lma_vilma_website,
	title         = "The {LMA} Website",
	url           = "http://www.fem.unicamp.br/~lma/",
	year          = "2015",
	key           = "LMA"
}

%%%%%%%%%%%%%%%%%
%% OROCOS
@INPROCEEDINGS{orocos_Project_IEEE, 
	author={Bruyninckx, H.}, 
	booktitle={Robotics and Automation, 2001. Proceedings 2001 ICRA. IEEE International Conference on}, 
	title={Open robot control software: the OROCOS project}, 
	year={2001}, 
	volume={3}, 
	pages={2523-2528 vol.3}, 
	keywords={control engineering computing;open systems;project engineering;robots;software packages;OROCOS project;open control;robot control software;software packages;Communication standards;Computer industry;Consumer electronics;Industrial electronics;Linux;Manufacturing industries;Open source software;Robot control;Service robots;Software packages}, 
	doi={10.1109/ROBOT.2001.933002}, 
	ISSN={1050-4729},
}

@manual{orocos_manual,
	Author = {Herman Bruyninckx and Peter Soetens},
	Date-Added = {2013-03-11 12:06:04 +0000},
	Date-Modified = {2013-03-11 12:06:56 +0000},
	Month = {May},
	Title = {The Orocos User's Manual: Open RObot COntrol Software 2.7.0},
	Url = {http://people.mech.kuleuven.be/~orocos/pub/documentation/rtt/v2.7.x/doc-xml/orocos-user-manual.pdf},
	Urlaccessdate = {13 may 2015},
	Year = {2009},
	Bdsk-Url-1 = {http://people.mech.kuleuven.be/~orocos/pub/documentation/rtt/v2.7.x/doc-xml/orocos-user-manual.pdf}
}

@inproceedings{orocos_Cobem,
	author = {Diego Caberlon Santini and Walter Fetter Lages},
	title = {An open control system for manipulator robots},
	booktitle = {20th International Congress of Mechanical Engineering},
	publisher = {ABCM-COBEM},
	address = {Gramado, Brazil},
	year = {2009},
	month = {November},
}

@manual{rtt_ros_integration,
	Author = {Orocos},
	Title = {Orocos-ROS integration libraries and tools},
	Year = {2015},
	Url = {https://github.com/orocos/rtt_ros_integration},
	Urlaccessdate = {13 may 2015},
	Bdsk-Url-1 = {https://github.com/orocos/rtt_ros_integration}
}

%%%%%%%%%%%%%%%%%
%% ROS
@thesis{ros_bmw_sticha,
	author = {Jonas Sticha},
	title = {Validating the Real-Time Capabilities of the ROS Communication Middleware},
	type = {Bachelor’s Thesis in Informatics},
	institution = {DER TECHNISCHEN UNIVERSITÄT MÜNCHEN - FAKULTÄT FÜR INFORMATIK},
	year = {2014},
	month = {July},
}

@inproceedings{ros_willowgarage,
	title={ROS: an open-source Robot Operating System},
	author={Quigley, Morgan and Conley, Ken and Gerkey, Brian and Faust, Josh and Foote, Tully and Leibs, Jeremy and Wheeler, Rob and Ng, Andrew Y},
	booktitle={ICRA workshop on open source software},
	volume={3},
	number={3.2},
	pages={5},
	year={2009}
}

@manual{ros_components,
	Author = {ros.org},
	Title = {ROS core components},
	Url = {http://www.ros.org/core-components/},
	Urlaccessdate = {13 may 2015},
	Bdsk-Url-1 = {http://www.ros.org/core-components/}
}

@book{ros_gentle_introduction,
	author = {Jason M. O'Kane},
	title = {A Gentle Introduction to ROS},
	publisher = {Independently published},
	month = {oct},
	year = {2013},
	isbn = {978-1492143239},
	note = {Available at \url{http://www.cse.sc.edu/~jokane/agitr/}}
}


%%%%%%%%%%%%%%%%%
%% RTOS
@article{rtos_choosing_barr2003choosing,
	title={Choosing an RTOS},
	author={Barr, Michael},
	journal={Embedded Systems Programming},
	volume={16},
	number={1},
	year={2003}
}

@INPROCEEDINGS{rtos_safety_mission_4062424, 
	author={Lingfeng Wang}, 
	booktitle={Autotestcon, 2006 IEEE}, 
	title={Real-Time Software Design for Safety- and Mission-Critical Systems with High Dependability}, 
	year={2006}, 
	pages={479-485}, 
	doi={10.1109/AUTEST.2006.283711}, 
	ISSN={1088-7725}, 
	month={Sept},}

@ARTICLE{rtos_analysis_336046, 
	author={Burns, A. and McDermid, J.A.}, 
	journal={Software Engineering Journal}, 
	title={Real-time safety-critical systems: analysis and synthesis}, 
	year={1994}, 
	volume={9}, 
	number={6}, 
	pages={267-281}, 
	keywords={real-time systems;safety-critical software;design process;flexibility;real-time safety-critical systems;safety properties;timing properties}, 
	ISSN={0268-6961}, 
	month={Nov},}

@TechReport{rtos_nasa_monitors,
	author =       {Alwyn Goodloe and Lee Pike},
	title =        {Monitoring Distributed Real-Time Systems: A Survey and Future Directions},
	institution =  {NASA Langley Research Center},
	year =         {2010},
	number =    {NASA/CR-2010-216724},
	month =     {July},
	note =      {Available at \url{http://ntrs.nasa.gov/search.jsp?R=278742&id=3&as=false&or=false&qs=Ns%3DArchiveName%257c0%26N%3D4294643047}}
}

%%%%%%%%%%%%%%%%%
%% RTNET
@manual{rtnet_from_xenomai,
	author = {Xenomai}, 
	Title = {Xenomai with RTnet},
	Year = {2006},
	Url = {https://xenomai.org/rtnet/},
	Urlaccessdate = {13 may 2015},
	Bdsk-Url-1 = {https://xenomai.org/rtnet/}
}

@manual{rtnet_org,
	author = {RTnet}, 
	Title = {RTnet doccumentation},
	Url = {http://www.rtnet.org/doc.html},
	Urlaccessdate = {13 may 2015},
	Bdsk-Url-1 = {http://www.rtnet.org/doc.html}
}

@inproceedings{rtnet_IEEE_so53551,
	booktitle = {ETFA 2005: 10th IEEE Conference on Emerging Technologies and Factory Automation},
	title = {RTnet - A flexible Hard Real-Time Networking Framework},
	author = {Jan Kiszka and Bernardo Wagner and Yuchen Zhang and Jan Broenink},
	publisher = {IEEE},
	year = {2005},
	pages = {449--456},
	url = {http://doc.utwente.nl/53551/},
	abstract = {In this paper, the Open Source project RTnet is presented. RTnet provides a customisable and extensible framework for hard real-time communication over Ethernet and other transport media. The paper describes architecture, core components, and protocols of RTnet. FireWire is introduced as a powerful alternative to Ethernet, and its integration into RTnet is presented. Moreover, an overview of available and future application protocols for this networking framework is given.}
}

@INPROCEEDINGS{rtnet_1559870, 
	author={Hanssen, F. and Jansen, P.G. and Scholten, H. and Mullender, S.}, 
	booktitle={Autonomic and Autonomous Systems and International Conference on Networking and Services, 2005. ICAS-ICNS 2005. Joint International Conference on}, 
	title={RTnet: a distributed real-time protocol for broadcast-capable networks}, 
	year={2005}, 
	pages={18-18}, 
	keywords={broadcasting;dynamic scheduling;local area networks;protocols;real-time systems;telecommunication traffic;Ethernet;broadcast-capable network;distributed real-time network protocol;dynamic scheduling;local area network;network traffic;standard scheduling paradigm;Bandwidth;Broadcasting;Communication system traffic control;Dynamic scheduling;Embedded system;Ethernet networks;Hardware;Mathematics;Protocols;Telecommunication traffic}, 
	doi={10.1109/ICAS-ICNS.2005.85}, 
	month={Oct},}

@INPROCEEDINGS{rtnet_Wulf03acompact,
	author = {Oliver Wulf and Jan Kiszka and Bernardo Wagner},
	title = {A compact software framework for distributed real-time computing},
	booktitle = {In 5th Real-Time Linux Workshop},
	year = {2003}
}

@book{ethernet_Spurgeon:2000:EDG:336070,
	author = {Spurgeon, Charles E.},
	title = {Ethernet: The Definitive Guide},
	year = {2000},
	isbn = {1-56592-660-9},
	publisher = {O'Reilly \& Associates, Inc.},
	address = {Sebastopol, CA, USA},
}

@mastersthesis{tdma_Sampathkumar2002,
	author       = {Hariprasad Sampathkumar}, 
	title        = {Using Time Division Multiplexing to support Real-time Networking on Ethernet},
	school       = {University of Madras},
	year         = {2002},
	address      = {Chennai},
	note         = {Computer Science and Engineering}
}


%%%%%%%%%%%%%%%%%
%% XENOMAI
@manual{xenomai_api,
	Author = {Xenomai},
	Title = {A Tour of the Native API - RevC},
	Year = {2006},
	Url = {http://www.xenomai.org/documentation/branches/v2.3.x/pdf/Native-API-Tour-rev-C.pdf},
	Urlaccessdate = {13 may 2015},
	Bdsk-Url-1 = {http://www.xenomai.org/documentation/branches/v2.3.x/pdf/Native-API-Tour-rev-C.pdf}
}

@article{xenomai_x_linux,
	author  = {Jeremy H. Brown and Brad Martin}, 
	title   = {How fast is fast enough? Choosing between Xenomai and Linux for
	real-time applications},
	journal = {Real Time Linux Workshops},
	year    = {2010},
	pages   = {1-17},
}

@ARTICLE{xenomai_rtai_Barbalace, 
	author={Barbalace, A. and Luchetta, A. and Manduchi, G. and Moro, M. and Soppelsa, A. and Taliercio, C.}, 
	journal={Nuclear Science, IEEE Transactions on}, 
	title={Performance Comparison of VxWorks, Linux, RTAI, and Xenomai in a Hard Real-Time Application}, 
	year={2008}, 
	month={Feb}, 
	volume={55}, 
	number={1}, 
	pages={435-439}, 
	keywords={Linux;local area networks;physics computing;protocols;Gigabit Ethernet network communication;Linux;MPC7455 PowerPC processor;RTAI;VMEbus MVME5500 boards;Wind River VxWorks;Xenomai;open-source hard real-time network protocol;Computer architecture;Delay;Ethernet networks;Linux;Measurement;Open source software;Operating systems;Protocols;Rivers;Software testing;ADEOS;Linux;PowerPC;RTAI;RTnet;Real-time systems;VxWorks;Xenomai}, 
	doi={10.1109/TNS.2007.905231}, 
	ISSN={0018-9499},
}

@article{xenomai_ubuntu_building,
	title={Building XenoBuntu Linux Distribution for Teaching and Prototyping Real-Time Operating Systems},
	author={Nabil Litayem, Ahmed Ben, Slim Ben},
	journal={SpecialIssue: International Journal of Advanced Computer Science and Applications},
	volume={2},
	number={2},
	year={2011},
	publisher={The Science and Information Organization}
}

@article{xenomai_linux_pcidata,
	author = {Amit Bhaira and Gaurav Rudra and Tanmoy Bag and Yusuf Husainy},
	title = {Article: Development and Implementation of a Linux- Xenomai based Hard Real-Time Device Driver for PCI Data Acquisition System (DAS) Card},
	journal = {International Journal of Computer Applications},
	year = {2013},
	volume = {81},
	number = {12},
	pages = {24-28},
	month = {November},
	note = {Full text available}
}

@manual{adeos,
	Author = {Karim Yaghmour},
	Title = {Adaptive Domain Environment for Operating Systems},
	year = {2001},
	Url = {http://www.opersys.com/ftp/pub/Adeos/adeos.pdf},
	Urlaccessdate = {13 may 2015},
	Bdsk-Url-1 = {http://www.opersys.com/ftp/pub/Adeos/adeos.pdf}
}

@manual{rtdm_Kiszka,
	Author = {J. Kiszka},
	Title = {The Real-Time Driver Model and First Applications},
	Url = {http://www.xenomai.org/documentation/branches/v2.3.x/pdf/RTDM-and-Applications.pdf},
	Urlaccessdate = {13 may 2015},
	Bdsk-Url-1 = {http://www.xenomai.org/documentation/branches/v2.3.x/pdf/RTDM-and-Applications.pdf}
}
